@article{Fuglevand1993,
author = {Fuglevand, A J and Winter, D A and Patla, A E},
file = {:home/heitor/Dropbox/Unicamp/Artigos/Fuglevand, Winter, Patla - 1993 - Models of recruitment and rate coding organization in motor-unit pools.pdf:pdf},
isbn = {0022-3077 (Print) 0022-3077 (Linking)},
issn = {0022-3077},
journal = {Journal of neurophysiology},
number = {6},
pages = {2470--2488},
pmid = {8120594},
title = {{Models of recruitment and rate coding organization in motor-unit pools.}},
volume = {70},
year = {1993}
}
@book{kandel2013,
title={Principles of neural science},
author={Kandel, Eric R and Schwartz, James H and Jessell, Thomas M and Department of Biochemistry and Molecular Biophysics Thomas Jessell and Siegelbaum, Steven and Hudspeth, AJ},
edition={5},
year={2013},
publisher={McGraw-hill New York}
}
@book{carnevale2006neuron,
address = {Cambridge},
author = {Carnevale, Nicholas T and Hines, Michael L},
publisher = {Cambridge University Press},
title = {{The NEURON book}},
year = {2006}
}
@article{Cisi2008a,
author = {Cisi, Rogerio R L and Kohn, Andr{\'{e}} F.},
doi = {10.1007/s10827-008-0092-8},
file = {:home/heitor/.local/share/data/Mendeley Ltd./Mendeley Desktop/Downloaded/Cisi, Kohn - 2008 - Simulation system of spinal cord motor nuclei and associated nerves and muscles, in a Web-based architecture.pdf:pdf},
isbn = {1082700800},
issn = {09295313},
journal = {Journal of Computational Neuroscience},
keywords = {EMG,Force,H-reflex,Interneuron,Modeling,Motoneuron,Motoneuron pool,Muscle,Neuronal network,Renshaw cell,Simulator},
number = {3},
pages = {520--542},
pmid = {18506610},
title = {{Simulation system of spinal cord motor nuclei and associated nerves and muscles, in a Web-based architecture}},
volume = {25},
year = {2008}
}
@article{Crill1996,
author = {Crill, W. E.},
doi = {10.1146/annurev.physiol.58.1.349},
file = {:home/heitor/Dropbox/Unicamp/Artigos/Crill - 1996 - Persistent Sodium Current in Mammalian Central Neurons.pdf:pdf},
isbn = {0066-4278 (Print) 0066-4278 (Linking)},
issn = {00664278},
journal = {Annual Review of Physiology},
keywords = {neurons,persistent sodium current,sodium channels},
number = {1},
pages = {349--362},
pmid = {8815799},
title = {{Persistent Sodium Current in Mammalian Central Neurons}},
url = {http://physiol.annualreviews.org/cgi/doi/10.1146/annurev.physiol.58.1.349},
volume = {58},
year = {1996}
}
@article{DeLuca2015,
archivePrefix = {arXiv},
arxivId = {NIHMS150003},
author = {{De Luca}, Carlo J. and Contessa, Paola},
doi = {10.1016/j.jbiomech.2014.12.003},
eprint = {NIHMS150003},
file = {:home/heitor/Dropbox/Unicamp/Artigos/De Luca, Contessa - 2015 - Biomechanical benefits of the onion-skin motor unit control scheme.pdf:pdf},
isbn = {6173539756},
issn = {18732380},
journal = {Journal of Biomechanics},
keywords = {AHP,Firing rate,Force,Motor unit,Onion skin},
number = {2},
pages = {195--203},
pmid = {25527890},
publisher = {Elsevier},
title = {{Biomechanical benefits of the onion-skin motor unit control scheme}},
url = {http://dx.doi.org/10.1016/j.jbiomech.2014.12.003},
volume = {48},
year = {2015}
}
@article{Dura-Bernal2016,
author = {Dura-Bernal, Salvador and Suter, Benjamin A. and Neymotin, Samuel A. and Kerr, Cliff C. and Quintana, Adrian and Gleeson, Padraig and Shepherd, Gordon M. G. and Lytton, William W.},
journal = {Computational Neuroscience},
number = {P105},
title = {{NetPyNE: a Python package for NEURON to facilitate development and parallel simulation of biological neuronal networks}},
volume = {17(Suppl 1},
year = {2016}
}
@article{Elias2012,
author = {Elias, Leonardo Abdala and Chaud, Vitor Martins and Kohn, Andr{\'{e}} Fabio},
doi = {10.1007/s10827-012-0398-4},
file = {:home/heitor/Dropbox/Unicamp/Artigos/Elias, Chaud, Kohn - 2012 - Models of passive and active dendrite motoneuron pools and their differences in muscle force control.pdf:pdf},
isbn = {0929-5313},
issn = {09295313},
journal = {Journal of Computational Neuroscience},
keywords = {Bistability,Electromyogram,L-type calciumchannel,Nonlinearities in force control,Persistent inward current,Plateau potential},
number = {3},
pages = {515--531},
pmid = {22562305},
title = {{Models of passive and active dendrite motoneuron pools and their differences in muscle force control}},
volume = {33},
year = {2012}
}
@article{Fleshman1988,
author = {Fleshman, J W and Segev, I and Burke, R B},
file = {:home/heitor/Dropbox/Unicamp/Artigos/Fleshman, Segev, Burke - 1988 - Electrotonic architecture of type-identified alpha-motoneurons in the cat spinal cord.pdf:pdf},
isbn = {00223077},
issn = {0022-3077},
journal = {Journal of neurophysiology},
keywords = {Animals,Cats,Computer Simulation,Electric Stimulation,Female,Horseradish Peroxidase,Male,Membrane Potentials,Models, Neurological,Motor Neurons,Motor Neurons: cytology,Motor Neurons: physiology,Spinal Cord,Spinal Cord: cytology,Spinal Cord: physiology},
number = {1},
pages = {60--85},
pmid = {3404225},
title = {{Electrotonic architecture of type-identified alpha-motoneurons in the cat spinal cord.}},
url = {http://www.ncbi.nlm.nih.gov/pubmed/3404225},
volume = {60},
year = {1988}
}
@article{HENNEMAN1957,
author = {HENNEMAN, ELWOOD},
file = {:home/heitor/Dropbox/Unicamp/Artigos/HENNEMAN - 1957 - Relation between Size of Neurons and Their Susceptibility to Discharge.pdf:pdf},
journal = {Science},
month = {dec},
number = {3287},
pages = {1345 LP -- 1347},
title = {{Relation between Size of Neurons and Their Susceptibility to Discharge}},
url = {http://science.sciencemag.org/content/126/3287/1345.abstract},
volume = {126},
year = {1957}
}
@book{Kernell2006,
address = {Oxford},
author = {Kernell, Daniel},
booktitle = {Monographs of the Physiological Society},
doi = {10.1093/acprof:oso/9780198526551.001.0001},
isbn = {0-19-852655-5},
keywords = {Motor Neurons/Myoneuronal junction/Striated Muscle},
month = {aug},
pages = {341},
publisher = {Oxford University Press},
title = {{The Motoneurone and its Muscle Fibres}},
url = {http://www.oxfordscholarship.com/view/10.1093/acprof:oso/9780198526551.001.0001/acprof-9780198526551},
edition = {4},
year = {2006}
}
@book{Lutz2013,
address = {Sebastopol},
author = {Lutz, Mark},
isbn = {1449355714},
publisher = {" O'Reilly Media, Inc."},
title = {{Learning Python: Powerful Object-Oriented Programming}},
year = {2013}
}
@article{Matoso2017,
abstract = {Disserta{\c{c}}{\~{a}}o de Mestrado},
author = {Matoso, D{\'{e}}bora E C},
file = {:home/heitor/.local/share/data/Mendeley Ltd./Mendeley Desktop/Downloaded/Matoso - 2017 - Modelagem Computacional de Neur{\^{o}}nios Motores Inferiores para o Estudo de Altera{\c{c}}{\~{o}}es Biof{\'{i}}sicas Decorrentes da Escle.pdf:pdf},
journal = {Biblioteca Central da Unicamp},
title = {{Modelagem Computacional de Neur{\^{o}}nios Motores Inferiores para o Estudo de Altera{\c{c}}{\~{o}}es Biof{\'{i}}sicas Decorrentes da Esclerose Lateral Amiotr{\'{o}}fica}},
year = {2017}
}
@article{Muller2015,
author = {Muller, Eilif and Bednar, James A. and Diesmann, Markus and Gewaltig, Marc-Oliver and Hines, Michael and Davison, Andrew P.},
doi = {10.3389/fninf.2015.00011},
file = {:home/heitor/Dropbox/Unicamp/Artigos/Muller et al. - 2015 - Python in neuroscience.pdf:pdf},
isbn = {9782889196081},
issn = {1662-5196},
journal = {Frontiers in Neuroinformatics},
keywords = {1961,2010,and encouragement during the,and who,associate editor responsible for,collaboration,dedicated to the memory,frontiers in neuroinformatics is,gave us considerable support,interoperability,launching,of rolf k{\"{o}}tter,process of conceiving and,python language,python language, software development, scientific,scientific computing,software development,this research topic,this research topic of,who was the frontiers},
number = {April},
pages = {14--17},
pmid = {25926788},
title = {{Python in neuroscience}},
url = {http://journal.frontiersin.org/article/10.3389/fninf.2015.00011/abstract},
volume = {9},
year = {2015}
}
@article{Schuurmans2009,
author = {Schuurmans, Jasper and {De Vlugt}, Erwin and Schouten, Alfred C. and Meskers, Carel G M and {De Groot}, Jurriaan H. and {Van Der Helm}, Frans C T},
doi = {10.1007/s00221-008-1647-7},
file = {:home/heitor/Dropbox/Unicamp/Artigos/Schuurmans et al. - 2009 - The monosynaptic Ia afferent pathway can largely explain the stretch duration effect of the long latency M2 r.pdf:pdf},
isbn = {0014-4819},
issn = {00144819},
journal = {Experimental Brain Research},
keywords = {Ia afferent,M2 response,Stretch reflex},
number = {4},
pages = {491--500},
pmid = {19048240},
title = {{The monosynaptic Ia afferent pathway can largely explain the stretch duration effect of the long latency M2 response}},
volume = {193},
year = {2009}
}
@article{Stienen2007,
author = {Stienen, Arno H A and Schouten, Alfred C. and Schuurmans, Jasper and van der Helm, Frans C T},
doi = {10.1007/s10827-007-0037-7},
file = {:home/heitor/Dropbox/Unicamp/Artigos/Stienen et al. - 2007 - Analysis of reflex modulation with a biologically realistic neural network.pdf:pdf},
isbn = {0929-5313},
issn = {09295313},
journal = {Journal of Computational Neuroscience},
keywords = {Biological neural network,Complex regional pain syndrome,Human motor control,Neuromusculoskeletal model,Spinal reflexes},
number = {3},
pages = {333--348},
pmid = {17503169},
title = {{Analysis of reflex modulation with a biologically realistic neural network}},
volume = {23},
year = {2007}
}
@article{Watanabe2013,
author = {Watanabe, Renato Naville and Magalhaes, F. H. and Elias, Leonardo Abdala and Chaud, Vitor Martins and Mello, Emanuele M and Kohn, Andr{\'{e}} Fabio},
doi = {10.1152/jn.00073.2013},
file = {:home/heitor/Documentos/Mendeley Desktop/Watanabe et al. - 2013 - Influences of premotoneuronal command statistics on the scaling of motor output variability during isometric(2).pdf:pdf},
isbn = {1522-1598 (Electronic) 0022-3077 (Linking)},
issn = {0022-3077},
journal = {Journal of Neurophysiology},
number = {11},
pages = {2592--2606},
pmid = {24027105},
title = {{Influences of premotoneuronal command statistics on the scaling of motor output variability during isometric plantar flexion}},
url = {http://jn.physiology.org/cgi/doi/10.1152/jn.00073.2013},
volume = {110},
year = {2013}
}
@article{Zengel1985,
author = {Zengel, J E and Reid, S a and Sypert, G W and Munson, J B},
file = {:home/heitor/Dropbox/Unicamp/Artigos/Zengel et al. - 1985 - Membrane electrical properties and prediction of motor-unit type of medial gastrocnemius motoneurons in the cat.pdf:pdf},
isbn = {00223077},
issn = {0022-3077},
journal = {Journal of neurophysiology},
number = {5},
pages = {1323--1344},
pmid = {3839011},
title = {{Membrane electrical properties and prediction of motor-unit type of medial gastrocnemius motoneurons in the cat.}},
volume = {53},
year = {1985}
}
